@inproceedings{bartelSOAP12,
    author    = {Bartel, Alexandre and Klein, Jacques and Monperrus, Martin and Le
    Traon, Yves},
    title     = {{Dexpler: Converting Android Dalvik Bytecode to Jimple for Static
    Analysis with Soot}},
    abstract  = {{This paper introduces Dexpler, a software package which
    converts Dalvik bytecode to Jimple. Dexpler is built on top of Dedexer and
    Soot. As Jimple is Soot's main internal representation of code, the
    Dalvik bytecode can be manipulated with any Jimple based tool, for
    instance for performing point-to or flow analysis.}},
    keywords  = {Dalvik Bytecode, Android, Soot, Jimple, Static Analysis},
    booktitle = {ACM Sigplan International Workshop on the State Of The Art in
    Java Program Analysis},
    isbn      = {978-1-4503-1490-9},
    location  = {Beijing, China},
    year      = {2012},
    month     = June,
}

@MASTERSTHESIS{soot,
   author = {Raja Vall\'ee-Rai},
   title = {{Soot: A Java Bytecode Optimization
Framework}},
   year ={2000},
   school ={McGill University},
}

@inproceedings{mujahid2017detecting,
  title={Detecting wearable app permission mismatches: a case study on Android wear},
  author={Mujahid, Suhaib},
  booktitle={Proceedings of the 2017 11th Joint Meeting on Foundations of Software Engineering},
  pages={1065--1067},
  year={2017},
  organization={ACM}
}

@inproceedings{tsutano2017efficient,
  title={An efficient, robust, and scalable approach for analyzing interacting android apps},
  author={Tsutano, Yutaka and Bachala, Shakthi and Srisa-An, Witawas and Rothermel, Gregg and Dinh, Jackson},
  booktitle={Proceedings of the 39th International Conference on Software Engineering},
  pages={324--334},
  year={2017},
  organization={IEEE Press}
}

@inproceedings{allix2016androzoo,
  title={Androzoo: Collecting millions of android apps for the research community},
  author={Allix, Kevin and Bissyand{\'e}, Tegawend{\'e} F and Klein, Jacques and Le Traon, Yves},
  booktitle={Mining Software Repositories (MSR), 2016 IEEE/ACM 13th Working Conference on},
  pages={468--471},
  year={2016},
  organization={IEEE}
}

@misc{dangerousAPI,
  author = {{Google}},
  title = {Permissions Overivew},
  year = {2018},
  howpublished = "https://developer.android.com/guide/topics/permissions/overview#permission-groups"
}

@misc{fdroid,
  author = { },
  title = {F-Droid repository},
  year = {},
  howpublished = "https://f-droid.org/"
}

@misc{bazaar,
  author = { },
  title = {Bazaar repository},
  year = {},
  howpublished = "https://cafebazaar.ir"
}

@misc{requestpermissions,
  author = { },
  title = {Request App Permissions},
  year = {},
  howpublished = "https://developer.android.com/training/permissions/requesting"
}

@article{huang2018understanding,
  title={Understanding and Detecting Callback Compatibility Issues for Android Applications},
  author={Huang, Huaxun and Wei, Lili and Liu, Yepang and Cheung, Shing-Chi},
  year={2018}
}

@inproceedings{he2018understanding,
  title={Understanding and detecting evolution-induced compatibility issues in Android apps},
  author={He, Dongjie and Li, Lian and Wang, Lei and Zheng, Hengjie and Li, Guangwei and Xue, Jingling},
  booktitle={Proceedings of the 33rd ACM/IEEE International Conference on Automated Software Engineering},
  pages={167--177},
  year={2018},
  organization={ACM}
}

@misc{linttips,
  author = { },
  title = {Android Lint},
  year = {},
  howpublished = "http://tools.android.com/tips/lint"
}

@inproceedings{mcdonnell2013empirical,
  title={An empirical study of api stability and adoption in the android ecosystem},
  author={McDonnell, Tyler and Ray, Baishakhi and Kim, Miryung},
  booktitle={Software Maintenance (ICSM), 2013 29th IEEE International Conference on},
  pages={70--79},
  year={2013},
  organization={IEEE}
}

@inproceedings{wei2016taming,
  title={Taming Android fragmentation: Characterizing and detecting compatibility issues for Android apps},
  author={Wei, Lili and Liu, Yepang and Cheung, Shing-Chi},
  booktitle={Proceedings of the 31st IEEE/ACM International Conference on Automated Software Engineering},
  pages={226--237},
  year={2016},
  organization={ACM}
}

@inproceedings{wu2017measuring,
  title={Measuring the declared SDK versions and their consistency with API calls in android apps},
  author={Wu, Daoyuan and Liu, Ximing and Xu, Jiayun and Lo, David and Gao, Debin},
  booktitle={International Conference on Wireless Algorithms, Systems, and Applications},
  pages={678--690},
  year={2017},
  organization={Springer}
}

@misc{androidmarketstatistics,
  author = { },
  title = {Android Market Share},
  year = {},
  howpublished = "https://www.statista.com/statistics/266136/global-market-share-held-by-smartphone-operating-systems/"
}

@misc{googleplayapps,
  author = { },
  title = {Google Play Apps repository},
  year = {},
  howpublished = "https://www.statista.com/statistics/266210/number-of-available-applications-in-the-google-play-store/"
}

@inproceedings{linares2014api,
  title={How do api changes trigger stack overflow discussions? a study on the android sdk},
  author={Linares-V{\'a}squez, Mario and Bavota, Gabriele and Di Penta, Massimiliano and Oliveto, Rocco and Poshyvanyk, Denys},
  booktitle={proceedings of the 22nd International Conference on Program Comprehension},
  pages={83--94},
  year={2014},
  organization={ACM}
}

@misc{permissiongroups,
  author = { },
  title = {Permissions in Android},
  year = {},
  howpublished = "https://developer.android.com/guide/topics/permissions/overview\#permission-groups"
}

@misc{androidversions,
  author = { },
  title = {Android Versions},
  year = {},
  howpublished = "https://en.wikipedia.org/wiki/Android\_version\_history"
}

@misc{sdkversions,
  author = { },
  title = {Using SDK in Android Apps},
  year = {},
  howpublished = "https://developer.android.com/guide/topics/manifest/uses-sdk-element"
}

@misc{runtimepermissions,
  author = { },
  title = {Android Runtime Permissions},
  year = {},
  howpublished = "https://source.android.com/devices/tech/\\config/runtime\_perms"
}

@misc{AndroidAPIReference,
  author = { },
  title = {Android API Reference},
  year = {},
  howpublished = "https://developer.android.com/reference/"
}

@inproceedings{au2012pscout,
  title={Pscout: analyzing the android permission specification},
  author={Au, Kathy Wain Yee and Zhou, Yi Fan and Huang, Zhen and Lie, David},
  booktitle={Proceedings of the 2012 ACM conference on Computer and communications security},
  pages={217--228},
  year={2012},
  organization={ACM}
}

@misc{death1,
   author = {{AndroidCentral}},
   title = {{Phone Died During System Update}},
   note={http://forums.androidcentral.com/htc-desire-c/265098-phone-died-during-system-update.html},
   year={2013}
}

@misc{death2,
   author = {Zach Epstein},
   title = {{Did Apps Just Start Crashing Constantly on
Your Android Phone?}},
   note={http://bgr.com/2015/04/28/android-tips-tricks-fix-crashing-apps/},
   year={2015}
}

@misc{death3,
   author = {A. Bera},
   title = {{How To Fix Apps Crashing After 4.4 Kit-Kat Update Problem On Nexus 7}},
   note={http://www.technobezz.com/fix-apps-crashing-4-4-kitkat-update-problem-nexus-7/},
   year={2016}
}

@misc{death4,
   author = {Mehul Rajput},
   title = {{Tips For Solving Your Android App Crashing Issues}},
   note={http://tech.co/tips-solving-android-app-crashing-issues-2015-10},
   year={2015}
}

@misc{Helppi2014,
   author={Ville-Veikko Helppi},
   title= {{What Every App Developer Should Know About Android}},
   howpublished={http://www.smashingmagazine.com/2014/10/02/what-every-app-developer-should-know-about-android/},
   month = {October},
   year={2014}
}

@misc{youtube,
key = {youtube},
title = {{YouTube API change: some older devices can't update to new app}},
howpublished= {http://hexus.net/ce/news/audio-visual/82570-youtube-api-change-older-devices-update-new-app/ },
year = 2014
}


@misc{iOS,
key = {iOS},
title = {Apple Breaks New iPhones with Terrible Software Update},
howpublished= {http://www.slate.com/blogs/\\
future\_tense/2014/09/24/apple\_ios\_8\_0\_1\_software\_update\_\\major\_bugs\_hit\_iphone\_6\_6\_plus.html},
year = 2014
}

@misc{simplesolitaire,
  author = { },
  title = {Simple Solitaire},
  year = {},
  howpublished= "https://github.com/TobiasBielefeld/Simple-Solitaire/commit/1483ee" }

@misc{materialfbook,
  author = { },
  title = {MaterialFBook},
  year = {},
  howpublished= "https://github.com/ZeeRooo/MaterialFBook/tree/2cb3c61" }

@misc{networkmonitor,
  author = { },
  title = {Network Monitor},
  year = {},
  howpublished= "https://github.com/caarmen/network-monitor/tree/0e17b95" }

@misc{survivalmanual,
  author = { },
  title = {Survival Manual},
  year = {},
  howpublished= "https://github.com/ligi/SurvivalManual/tree/13b1f43" }

@misc{uber,
  author = { },
  title = {Uber rides},
  year = {},
  howpublished= "https://github.com/uber/rides-android-sdk/tree/4d77c38" }

@misc{afwall,
  author = { },
  title = {AFWall},
  year = {},
  howpublished= "https://github.com/ukanth/afwall/tree/71e6c66" }

@misc{duckduckgo,
  author = { },
  title = {Duck Duck Go},
  year = {},
  howpublished= "https://github.com/duckduckgo/Android/tree/2d7d379" }

@misc{fossbrowser,
  author = { },
  title = {FOSS Browser},
  year = {},
  howpublished= "https://github.com/scoute-dich/browser/commit/e08f5b6" }

@misc{nyaa,
  author = { },
  title = {Nyaa Pantsu},
  year = {},
  howpublished= "https://github.com/NyaaPantsu/NyaaPantsu-android-app/tree/53ad9a8" }

@misc{padland,
  author = { },
  title = {Padland},
  year = {},
  howpublished= "https://github.com/mikifus/padland/commit/38f7e66" }

@misc{kolab,
  author = { },
  title = {Kolab Notes},
  year = {},
  howpublished= "https://github.com/konradrenner/kolabnotes-android/commit/14ba3c3" }

@misc{adaway,
  author = { },
  title = {AdAway},
  year = {},
  howpublished= "https://github.com/AdAway/AdAway/releases/tag/v3.0.2" }

@misc{siliconangle,
   author={Mallisa Tolentino},
   title= {{Will These Bugs be Fixed in Android 5.1.1 Update}},
howpublished={http://siliconangle.com/blog/2015/04/24/will-these-bugs-be-fixed-in-android-5-1-1-update/},
   month = {April},
   year={2015}
}

@misc{Update4,
  author = {{Michael Kassner}},
  title = {{Beware of danger lurking in Android phone updates}},
  month = "April",
   year = "2014",
  howpublished= "http://www.techrepublic.com/article/beware-of-danger-lurking-in-android-phone-updates/" }

@misc{googleIncomp,
  author = { },
  title = {Meet Google Play's target API level requirement},
  year = {},
  howpublished= "https://developer.android.com/distribute/best-practices/develop/target-sdk" }

@misc{googleHidden,
  author = { },
  title = {Restrictions on non-SDK interfaces},
  year = {},
  howpublished= "https://developer.android.com/about/versions/pie/restrictions-non-sdk-interfaces" }

@inproceedings{lili2018cid,
 author = {Li, Li and Bissyand{\'e}, Tegawend{\'e} F. and Wang, Haoyu and Klein, Jacques},
 title = {CiD: Automating the Detection of API-related Compatibility Issues in Android Apps},
 booktitle = {Proceedings of the 27th ACM SIGSOFT International Symposium on Software Testing and Analysis},
 series = {ISSTA 2018},
 year = {2018},
 isbn = {978-1-4503-5699-2},
 location = {Amsterdam, Netherlands},
 pages = {153--163},
 numpages = {11},
 url = {http://doi.acm.org/10.1145/3213846.3213857},
 doi = {10.1145/3213846.3213857},
 acmid = {3213857},
 publisher = {ACM},
 address = {New York, NY, USA},
 keywords = {API-related Compatibility Issue, Android, CiD, Framework Base}
}

@misc{AndroidReleases,
  title = {{Android platform frameworks base}},
  month = "August",
   year = "2018",
  howpublished= "$https://github.com/aosp\-mirror/platform\_frameworks\_base/releases$" }

@misc{APIChex,
  title = {{APIChex project website}},
  month = "August",
   year = "2018",
  howpublished= "$https://sites.google.com/view/apichex/home$" }

@misc{passandroid,
    author = {Marcus Bueschleb},
    title = {Pass{A}ndroid},
    year = {2018},
    howpublished= "https://github.com/ligi/PassAndroid/tree/fcd9ba" }

@misc{sdkmanager,
    author={},
    title={sdkmanager tool},
    year={},
    howpublished="https://developer.android.com/studio/command-line/sdkmanager"
}

@misc{introducingAndroid9,
    author={Dave Burke},
    title={Introducing {A}ndroid 9 Pie},
    year={2018},
    howpublished="https://android-developers.googleblog.com/2018/08/introducing-android-9-pie.html"
}
