@inproceedings{bartelSOAP12,
    author    = {Bartel, Alexandre and Klein, Jacques and Monperrus, Martin and Le
    Traon, Yves},
    title     = {{Dexpler: Converting Android Dalvik Bytecode to Jimple for Static
    Analysis with Soot}},
    abstract  = {{This paper introduces Dexpler, a software package which
    converts Dalvik bytecode to Jimple. Dexpler is built on top of Dedexer and
    Soot. As Jimple is Soot's main internal representation of code, the
    Dalvik bytecode can be manipulated with any Jimple based tool, for
    instance for performing point-to or flow analysis.}},
    keywords  = {Dalvik Bytecode, Android, Soot, Jimple, Static Analysis},
    booktitle = {ACM Sigplan International Workshop on the State Of The Art in
    Java Program Analysis},
    isbn      = {978-1-4503-1490-9},
    location  = {Beijing, China},
    year      = {2012},
    month     = {June}
}

@inproceedings{BoddenICSE11,
author = {Bodden, Eric and Sewe, Andreas and Sinschek,
Jan and Oueslati, Hela and Mezini, Mira},
title = {{Taming reflection: Aiding static analysis in
the presence of reflection and custom class loaders}},
booktitle = {Proceedings of the International
Conference on Software Engineering},
month = {May},
year = {2011},
pages = {241--250}
}

@misc{dangerousAPI,
  author = {{Google}},
  title = {Permissions Overview},
  year = {2019},
  howpublished = "\url
{https://developer.android.com/guide/topics/ permissions/overview\#permission-groups}"
}


@misc{GainDroid-bak,
	title = {GainDroid Repository},
	howpublished = {\url{https://sites.google.com/view/gaindroid/}},
	year = {2019}
}

@misc{GainDroid,
	title = {\@approach Repository},
	howpublished = {\url{https://sites.google.com/view/saintdroid/}},
	year = {2019}
}


@misc{Gradle,
	title = {Gradle Build Tool},
	howpublished = {\url{https://gradle.org}},
	year = {2019}
}

@misc{GainDroid_bak,
  author = {{Anonymous}},
  title = {GainDroid Repository},
  year = {2019},
  howpublished = {Hidden to preserve anonymity.}
}

@MASTERSTHESIS{soot,
   author = {Raja Vall\'ee-Rai},
   title = {{Soot: A Java Bytecode Optimization
Framework}},
   year ={2000},
   school ={McGill University},
}

@article{desnos2013androguard,
	title={Androguard: Reverse engineering, malware and goodware analysis of android applications},
	author={Desnos, Anthony and others},
	journal={URL code. google. com/p/androguard},
	pages={153},
	year={2013}
}

@article{mujahidstudying2018icsme,
  title={Studying Permission Related Issues in Android Wearable Apps},
  author={Mujahid, Suhaib and Rabe Abdalkareem, Emad Shihab}
}

@inproceedings{mujahid2017detecting,
  title={Detecting wearable app permission mismatches: a case study on Android wear},
  author={Mujahid, Suhaib},
  booktitle={Proceedings of the 2017 11th Joint Meeting on Foundations of Software Engineering},
  pages={1065--1067},
  year={2017},
  organization={ACM}
}

@inproceedings{tsutano2017efficient,
  title={An efficient, robust, and scalable approach for analyzing interacting android apps},
  author={Tsutano, Yutaka and Bachala, Shakthi and Srisa-An, Witawas and Rothermel, Gregg and Dinh, Jackson},
  booktitle={Proceedings of the 39th International Conference on Software Engineering},
  pages={324--334},
  year={2017},
  organization={IEEE Press}
}

@inproceedings{allix2016androzoo,
  title={Androzoo: Collecting millions of android apps for the research community},
  author={Allix, Kevin and Bissyand{\'e}, Tegawend{\'e} F and Klein, Jacques and Le Traon, Yves},
  booktitle={Mining Software Repositories (MSR), 2016 IEEE/ACM 13th Working Conference on},
  pages={468--471},
  year={2016},
  organization={IEEE}
}

@inproceedings{ACRYL_Scalabrino2019,
  title={Data-driven solutions to detect API compatibility issues in Android: an empirical study},
  author={Simone Scalabrino and Gabriele Bavota and Mario Linares-Vasquez and Michele Lanza and Rocco Oliveto},
  booktitle={Mining Software Repositories (MSR), 2019 IEEE/ACM 16th Working Conference on},
  pages={288--298},
  year={2019},
  organization={IEEE}
}

@inproceedings{Luo2018,
  title={MAD-API: Detection, correction and explanation of API misuses in distributed android applications},
  author={Tianyue Luo and Jingzheng Wu and Mutian Yang and Sizhe Zhao and Yanjun Wu and Yongji Wang},
  booktitle={Proceedings of the 7th International Conference on Artificial Intelligence and Mobile Services},
  pages={123--140},
  year={2018}
}



@misc{fdroid,
  author = { },
  title = {{F}-{D}roid},
  year = {2019},
  howpublished = "\url{https://f-droid.org/}"
}

@misc{bazaar,
  author = { },
  title = {Cafe {B}azaar},
  year = {2019},
  howpublished = "\url{https://cafebazaar.ir}"
}

@misc{requestpermissions,
  author = { },
  title = {Request App Permissions},
  year = {2019},
  howpublished = "\url{https://developer.android.com/training/permissions/requesting}"
}

@inproceedings{huang2018understanding,
  title={Understanding and detecting callback compatibility issues for Android applications.},
  author={Huang, Huaxun and Wei, Lili and Liu, Yepang and Cheung, Shing-Chi},
  booktitle={Proceedings of the 33rd ACM/IEEE International Conference on Automated Software Engineering},
  pages={532--542},
  year={2018}
}

@inproceedings{he2018understanding,
  title={Understanding and detecting evolution-induced compatibility issues in Android apps},
  author={He, Dongjie and Li, Lian and Wang, Lei and Zheng, Hengjie and Li, Guangwei and Xue, Jingling},
  booktitle={Proceedings of the 33rd ACM/IEEE International Conference on Automated Software Engineering},
  pages={167--177},
  year={2018},
  organization={ACM}
}

@misc{linttips,
  author = { },
  title = {lint},
  year = {2019},
  howpublished = "\url{http://tools.android.com/tips/lint}"
}

@inproceedings{mcdonnell2013empirical,
  title={An empirical study of api stability and adoption in the android ecosystem},
  author={McDonnell, Tyler and Ray, Baishakhi and Kim, Miryung},
  booktitle={Software Maintenance (ICSM), 2013 29th IEEE International Conference on},
  pages={70--79},
  year={2013},
  organization={IEEE}
}

@inproceedings{wei2016taming,
  title={Taming Android fragmentation: Characterizing and detecting compatibility issues for Android apps},
  author={Wei, Lili and Liu, Yepang and Cheung, Shing-Chi},
  booktitle={Proceedings of the 31st IEEE/ACM International Conference on Automated Software Engineering},
  pages={226--237},
  year={2016},
  organization={ACM}
}



@inproceedings{wu2017measuring,
  title={Measuring the declared SDK versions and their consistency with API calls in android apps},
  author={Wu, Daoyuan and Liu, Ximing and Xu, Jiayun and Lo, David and Gao, Debin},
  booktitle={International Conference on Wireless Algorithms, Systems, and Applications},
  pages={678--690},
  year={2017},
  organization={Springer}
}

@misc{androidmarketstatistics,
  author = { },
  title = {Android Market Share},
  year = {2019},
  howpublished = "\url{https://www.statista.com/statistics/266136/global-market-share-held-by-smartphone-operating-systems/}"
}

@misc{googleplayapps,
  author = { },
  title = {Google Play Apps},
  year = {2019},
  howpublished = "\url{https://www.statista.com/statistics/266210/number-of-available-applications-in-the-google-play-store/}"
}

@misc{apktool,
  author = { },
  title = {APKTool},
  year = {2019},
  howpublished = "\url{https://ibotpeaches.github.io/Apktool/}"
}



@inproceedings{linares2014api,
  title={How do api changes trigger stack overflow discussions? a study on the android sdk},
  author={Linares-V{\'a}squez, Mario and Bavota, Gabriele and Di Penta, Massimiliano and Oliveto, Rocco and Poshyvanyk, Denys},
  booktitle={proceedings of the 22nd International Conference on Program Comprehension},
  pages={83--94},
  year={2014},
  organization={ACM}
}

@misc{permissiongroups,
  author = { },
  title = {Permissions in Android},
  year = {2018},
  howpublished = "\url{https://developer.android.com/ guide/topics/permissions/overview\#permission-groups}"
}

@misc{androidversions,
  author = { },
  title = {Android Versions},
  year = {2018},
  howpublished = "\url{https://en.wikipedia.org/wiki/Android\_version\_history}"
}

@misc{sdkversions,
  author = { },
  title = {Using SDK in Android Apps},
  year = {2019},
  howpublished = "\url{https://developer.android.com/guide/topics/ manifest/uses-sdk-element}"
}

@misc{runtimepermissions,
  author = { },
  title = {Android Runtime Permissions},
  year = {2019},
  howpublished = "\url{https://source.android.com/devices/tech/\\config/runtime\_perms}"
}

@misc{AndroidAPIReference,
  author = { },
  title = {Android API Reference},
  year = {2019},
  howpublished = "\url{https://developer.android.com/reference/}"
}

@misc{AndroidAOSP,
	author = { },
	title = {Android - AOSP},
	year = {2019},
	howpublished = "\url{https://github.com/aosp-mirror/}"
}

@inproceedings{au2012pscout,
  title={Pscout: analyzing the android permission specification},
  author={Au, Kathy Wain Yee and Zhou, Yi Fan and Huang, Zhen and Lie, David},
  booktitle={Proceedings of the 2012 ACM conference on Computer and communications security},
  pages={217--228},
  year={2012},
  organization={ACM}
}

@misc{death1,
   author = {{AndroidCentral}},
   title = {{Phone Died During System Update}},
   note={http://forums.androidcentral.com/htc-desire-c/265098-phone-died-during-system-update.html},
   year={2013}
}

@misc{death2,
   author = {Zach Epstein},
   title = {{Did Apps Just Start Crashing Constantly on
Your Android Phone?}},
   note={http://bgr.com/2015/04/28/android-tips-tricks-fix-crashing-apps/},
   year={2015}
}

@misc{death3,
   author = {A. Bera},
   title = {{How To Fix Apps Crashing After 4.4 Kit-Kat Update Problem On Nexus 7}},
   note={http://www.technobezz.com/fix-apps-crashing-4-4-kitkat-update-problem-nexus-7/},
   year={2016}
}

@misc{death4,
   author = {Mehul Rajput},
   title = {{Tips For Solving Your Android App Crashing Issues}},
   note={http://tech.co/tips-solving-android-app-crashing-issues-2015-10},
   year={2015}
}

@misc{Helppi2014,
   author={Ville-Veikko Helppi},
   title= {{What Every App Developer Should Know About Android}},
   howpublished={http://www.smashingmagazine.com/2014/10/02/what-every-app-developer-should-know-about-android/},
   month = {October},
   year={2014}
}

@misc{youtube,
key = {youtube},
title = {{YouTube API change: some older devices can't update to new app}},
howpublished= {http://hexus.net/ce/news/audio-visual/82570-youtube-api-change-older-devices-update-new-app/ },
year = 2014
}


@misc{iOS,
key = {iOS},
title = {Apple Breaks New iPhones with Terrible Software Update},
howpublished= {http://www.slate.com/blogs/\\
future\_tense/2014/09/24/apple\_ios\_8\_0\_1\_software\_update\_\\major\_bugs\_hit\_iphone\_6\_6\_plus.html},
year = 2014
}

@misc{simplesolitaire,
  author = {},
  title = {Simple{S}olitaire},
  year = {2019},
  howpublished= "https://github.com/TobiasBielefeld/Simple-Solitaire/commit/1483ee" }

@misc{materialfbook,
  author = { },
  title = {Material{F}{B}ook},
  year = {2019},
  howpublished= "https://github.com/ZeeRooo/MaterialFBook/tree/2cb3c61" }

@misc{networkmonitor,
  author = { },
  title = {Network{M}onitor},
  year = {2018},
  howpublished= "https://github.com/caarmen/network-monitor/tree/0e17b95" }

@misc{survivalmanual,
  author = { },
  title = {Survival{M}anual},
  year = {2018},
  howpublished= "https://github.com/ligi/SurvivalManual/tree/13b1f43" }

@misc{uber,
  author = { },
  title = {Uber ride},
  year = {2019},
  howpublished= "https://github.com/uber/rides-android-sdk/tree/4d77c38" }

@misc{afwall,
  author = { },
  title = {A{F}{W}all+},
  year = {2019},
  howpublished= "https://github.com/ukanth/afwall/tree/71e6c66" }

@misc{duckduckgo,
  author = { },
  title = {Duck{D}uck{G}o},
  year = {2019},
  howpublished= "https://github.com/duckduckgo/Android/tree/2d7d379" }

@misc{fossbrowser,
  author = { },
  title = {FOSS {B}rowser},
  year = {2019},
  howpublished= "https://github.com/scoute-dich/browser/commit/e08f5b6" }

@misc{nyaa,
  author = { },
  title = {Nyaa{P}antsu},
  year = {2019},
  howpublished= "https://github.com/NyaaPantsu/NyaaPantsu-android-app/tree/53ad9a8" }

@misc{padland,
  author = { },
  title = {Padland},
  year = {2019},
  howpublished= "https://github.com/mikifus/padland/commit/38f7e66" }

@misc{kolab,
  author = { },
  title = {Kolab notes},
  year = {2019},
  howpublished= "https://github.com/konradrenner/kolabnotes-android/commit/14ba3c3" }

@misc{adaway,
  author = { },
  title = {Ad{A}way},
  year = {2019},
  howpublished= "https://github.com/AdAway/AdAway/releases/tag/v3.0.2" }

@misc{fosdem,
    author = {},
    title ={{FOSDEM} {C}ompanion},
    year = {2019},
    howpublished = "https://github.com/cbeyls/fosdem-companion-android/releases/tag/1.5.0"
}

@misc{offlinecalendar,
    author = { },
    title = {{O}ffline {C}alendar},
    year = {2019},
    howpublished = "https://github.com/PrivacyApps/offline-calendar/releases/tag/v1.8"
}

@misc{siliconangle,
   author={Mallisa Tolentino},
   title= {{Will These Bugs be Fixed in Android 5.1.1 Update}},
howpublished={http://siliconangle.com/blog/2015/04/24/will-these-bugs-be-fixed-in-android-5-1-1-update/},
   month = {April},
   year={2015}
}

@misc{Update4,
  author = {{Michael Kassner}},
  title = {{Beware of danger lurking in Android phone updates}},
  month = "April",
   year = "2014",
  howpublished= "http://www.techrepublic.com/article/beware-of-danger-lurking-in-android-phone-updates/" }

@misc{googleIncomp,
  author = {},
  title = {Meet Google Play's target API level requirement},
  year = {2019},
  howpublished= "https://developer.android.com/distribute/best-practices/develop/target-sdk" }

@misc{googleHidden,
  author = {},
  title = {Restrictions on non-SDK interfaces},
  year = {2019},
  howpublished= "https://developer.android.com/about/versions/pie/restrictions-non-sdk-interfaces" }

@inproceedings{lili2018cid,
 author = {Li, Li and Bissyand{\'e}, Tegawend{\'e} F. and Wang, Haoyu and Klein, Jacques},
 title = {CiD: Automating the Detection of API-related Compatibility Issues in Android Apps},
 booktitle = {Proceedings of the 27th ACM SIGSOFT International Symposium on Software Testing and Analysis},
 series = {ISSTA 2018},
 year = {2018},
 isbn = {978-1-4503-5699-2},
 location = {Amsterdam, Netherlands},
 pages = {153--163},
 numpages = {11},
 url = {http://doi.acm.org/10.1145/3213846.3213857},
 doi = {10.1145/3213846.3213857},
 acmid = {3213857},
 publisher = {ACM},
 address = {New York, NY, USA},
 keywords = {API-related Compatibility Issue, Android, CiD, Framework Base}
}

@misc{AndroidReleases,
  title = {{Android platform frameworks base}},
  month = "August",
   year = "2019",
  howpublished= "$https://github.com/aosp-mirror/platform\_frameworks\_base/releases$" }


@misc{passandroid,
    author = {Marcus Bueschleb},
    title = {Pass{A}ndroid},
    year = {2019},
    howpublished= "https://github.com/ligi/PassAndroid/tree/fcd9ba" }

@misc{sdkmanager,
    author={},
    title={sdkmanager},
    year={2019},
    howpublished="https://developer.android.com/studio/command-line/sdkmanager"
}

@misc{introducingAndroid9,
    author={Dave Burke},
    title={Introducing {A}ndroid 9 Pie},
    year={2018},
    howpublished="https://android-developers.googleblog.com/2018/08/introducing-android-9-pie.html"
}

@misc{android10,
    author={Google},
    title={Android 10},
    year={2019},
    howpublished="https://developer.android.com/about/versions/10"
}

@inproceedings{chin2011analyzing,
  title={Analyzing inter-application communication in Android},
  author={Chin, Erika and Felt, Adrienne Porter and Greenwood, Kate and Wagner, David},
  booktitle={Proceedings of the 9th international conference on Mobile systems, applications, and services},
  pages={239--252},
  year={2011},
  organization={ACM}
}

@article{enck2014taintdroid,
  title={TaintDroid: an information-flow tracking system for realtime privacy monitoring on smartphones},
  author={Enck, William and Gilbert, Peter and Han, Seungyeop and Tendulkar, Vasant and Chun, Byung-Gon and Cox, Landon P and Jung, Jaeyeon and McDaniel, Patrick and Sheth, Anmol N},
  journal={ACM Transactions on Computer Systems (TOCS)},
  volume={32},
  number={2},
  pages={5},
  year={2014},
  publisher={ACM}
}

@inproceedings{gibler2012androidleaks,
  title={AndroidLeaks: automatically detecting potential privacy leaks in android applications on a large scale},
  author={Gibler, Clint and Crussell, Jonathan and Erickson, Jeremy and Chen, Hao},
  booktitle={International Conference on Trust and Trustworthy Computing},
  pages={291--307},
  year={2012},
  organization={Springer}
}

@inproceedings{grace2012systematic,
  title={Systematic detection of capability leaks in stock android smartphones.},
  author={Grace, Michael C and Zhou, Yajin and Wang, Zhi and Jiang, Xuxian},
  booktitle={NDSS},
  volume={14},
  pages={19},
  year={2012}
}

@article{octeau2013effective,
  title={Effective inter-component communication mapping in android with epicc: An essential step towards holistic security analysis},
  author={Octeau, Damien and McDaniel, Patrick and Jha, Somesh and Bartel, Alexandre and Bodden, Eric and Klein, Jacques and Le Traon, Yves},
  journal={Effective Inter-Component Communication Mapping in Android with Epicc: An Essential Step Towards Holistic Security Analysis},
  year={2013}
}

@inproceedings{mann2012framework,
  title={A framework for static detection of privacy leaks in android applications},
  author={Mann, Christopher and Starostin, Artem},
  booktitle={Proceedings of the 27th annual ACM symposium on applied computing},
  pages={1457--1462},
  year={2012},
  organization={ACM}
}

@inproceedings{lu2012chex,
  title={Chex: statically vetting android apps for component hijacking vulnerabilities},
  author={Lu, Long and Li, Zhichun and Wu, Zhenyu and Lee, Wenke and Jiang, Guofei},
  booktitle={Proceedings of the 2012 ACM conference on Computer and communications security},
  pages={229--240},
  year={2012},
  organization={ACM}
}

@techreport{fuchs2009scandroid,
  title={Scandroid: Automated security certification of android},
  author={Fuchs, Adam P and Chaudhuri, Avik and Foster, Jeffrey S},
  year={2009}
}

@article{bagheri2015covert,
  title={Covert: Compositional analysis of android inter-app permission leakage},
  author={Bagheri, Hamid and Sadeghi, Alireza and Garcia, Joshua and Malek, Sam},
  journal={IEEE transactions on Software Engineering},
  number={9},
  pages={866--886},
  year={2015},
  publisher={IEEE}
}

@inproceedings{lee2017sealant,
  title={SEALANT: A detection and visualization tool for inter-app security vulnerabilities in androic},
  author={Lee, Youn Kyu and Yoodee, Peera and Shahbazian, Arman and Nam, Daye and Medvidovic, Nenad},
  booktitle={Automated Software Engineering (ASE), 2017 32nd IEEE/ACM International Conference on},
  pages={883--888},
  year={2017},
  organization={IEEE}
}

@inproceedings{li2015iccta,
  title={Iccta: Detecting inter-component privacy leaks in android apps},
  author={Li, Li and Bartel, Alexandre and Bissyand{\'e}, Tegawend{\'e} F and Klein, Jacques and Le Traon, Yves and Arzt, Steven and Rasthofer, Siegfried and Bodden, Eric and Octeau, Damien and McDaniel, Patrick},
  booktitle={Proceedings of the 37th International Conference on Software Engineering-Volume 1},
  pages={280--291},
  year={2015},
  organization={IEEE Press}
}

@inproceedings{moran2016automatically,
  title={Automatically discovering, reporting and reproducing android application crashes},
  author={Moran, Kevin and Linares-V{\'a}squez, Mario and Bernal-C{\'a}rdenas, Carlos and Vendome, Christopher and Poshyvanyk, Denys},
  booktitle={Software Testing, Verification and Validation (ICST), 2016 IEEE International Conference on},
  pages={33--44},
  year={2016},
  organization={IEEE}
}

@article{khan2018crashsafe,
  title={CrashSafe: a formal model for proving crash-safety of Android applications},
  author={Khan, Wilayat and Ullah, Habib and Ahmad, Aakash and Sultan, Khalid and Alzahrani, Abdullah J and Khan, Sultan Daud and Alhumaid, Mohammad and Abdulaziz, Sultan},
  journal={Human-centric Computing and Information Sciences},
  volume={8},
  number={1},
  pages={21},
  year={2018},
  publisher={Springer}
}

@inproceedings{moran2017crashscope,
  title={Crashscope: A practical tool for automated testing of android applications},
  author={Moran, Kevin and Linares-V{\'a}squez, Mario and Bernal-C{\'a}rdenas, Carlos and Vendome, Christopher and Poshyvanyk, Denys},
  booktitle={Software Engineering Companion (ICSE-C), 2017 IEEE/ACM 39th International Conference on},
  pages={15--18},
  year={2017},
  organization={IEEE}
}

@inproceedings{gomez2013reran,
  title={Reran: Timing-and touch-sensitive record and replay for android},
  author={Gomez, Lorenzo and Neamtiu, Iulian and Azim, Tanzirul and Millstein, Todd},
  booktitle={Proceedings of the 2013 International Conference on Software Engineering},
  pages={72--81},
  year={2013},
  organization={IEEE Press}
}

@inproceedings{amalfitano2012using,
  title={Using GUI ripping for automated testing of Android applications},
  author={Amalfitano, Domenico and Fasolino, Anna Rita and Tramontana, Porfirio and De Carmine, Salvatore and Memon, Atif M},
  booktitle={Proceedings of the 27th IEEE/ACM International Conference on Automated Software Engineering},
  pages={258--261},
  year={2012},
  organization={ACM}
}

@article{amalfitano2015mobiguitar,
  title={MobiGUITAR: Automated model-based testing of mobile apps},
  author={Amalfitano, Domenico and Fasolino, Anna Rita and Tramontana, Porfirio and Ta, Bryan Dzung and Memon, Atif M},
  journal={IEEE software},
  volume={32},
  number={5},
  pages={53--59},
  year={2015},
  publisher={IEEE}
}

@inproceedings{han2012understanding,
  title={Understanding android fragmentation with topic analysis of vendor-specific bugs},
  author={Han, Dan and Zhang, Chenlei and Fan, Xiaochao and Hindle, Abram and Wong, Kenny and Stroulia, Eleni},
  booktitle={Reverse Engineering (WCRE), 2012 19th Working Conference on},
  pages={83--92},
  year={2012},
  organization={IEEE}
}

@inproceedings{li2015characterizing,
  title={Characterizing smartphone usage patterns from millions of Android users},
  author={Li, Huoran and Lu, Xuan and Liu, Xuanzhe and Xie, Tao and Bian, Kaigui and Lin, Felix Xiaozhu and Mei, Qiaozhu and Feng, Feng},
  booktitle={Proceedings of the 2015 Internet Measurement Conference},
  pages={459--472},
  year={2015},
  organization={ACM}
}

@inproceedings{pathak2011bootstrapping,
  title={Bootstrapping energy debugging on smartphones: a first look at energy bugs in mobile devices},
  author={Pathak, Abhinav and Hu, Y Charlie and Zhang, Ming},
  booktitle={Proceedings of the 10th ACM Workshop on Hot Topics in Networks},
  pages={5},
  year={2011},
  organization={ACM}
}

@inproceedings{liu2014characterizing,
  title={Characterizing and detecting performance bugs for smartphone applications},
  author={Liu, Yepang and Xu, Chang and Cheung, Shing-Chi},
  booktitle={Proceedings of the 36th International Conference on Software Engineering},
  pages={1013--1024},
  year={2014},
  organization={ACM}
}

@inproceedings{zhou2014peril,
  title={The peril of fragmentation: Security hazards in android device driver customizations},
  author={Zhou, Xiaoyong and Lee, Yeonjoon and Zhang, Nan and Naveed, Muhammad and Wang, XiaoFeng},
  booktitle={Security and Privacy (SP), 2014 IEEE Symposium on},
  pages={409--423},
  year={2014},
  organization={IEEE}
}

@INPROCEEDINGS{hora2015developers,
author={A. Hora and R. Robbes and N. Anquetil and A. Etien and S. Ducasse and M. T. Valente},
booktitle={2015 IEEE International Conference on Software Maintenance and Evolution (ICSME)},
title={How do developers react to API evolution? The Pharo ecosystem case},
year={2015},
volume={},
number={},
pages={251-260},
keywords={application program interfaces;software engineering;user interfaces;API evolution;Pharo ecosystem case;software engineering research;user interface;software ecosystems;Ecosystems;Open source software;Context;History;Computer science;Association rules},
doi={10.1109/ICSM.2015.7332471},
ISSN={},
month={Sep.},}

@article{bavota2015impact,
  title={The impact of api change-and fault-proneness on the user ratings of android apps},
  author={Bavota, Gabriele and Linares-Vasquez, Mario and Bernal-Cardenas, Carlos Eduardo and Di Penta, Massimiliano and Oliveto, Rocco and Poshyvanyk, Denys},
  journal={IEEE Transactions on Software Engineering},
  volume={41},
  number={4},
  pages={384--407},
  year={2015},
  publisher={IEEE}
}

@inproceedings{li2018characterising,
  title={Characterising deprecated android apis},
  author={Li, Li and Gao, Jun and Bissyand{\'e}, Tegawend{\'e} F and Ma, Lei and Xia, Xin and Klein, Jacques},
  booktitle={Proceedings of the 15th International Conference on Mining Software Repositories},
  pages={254--264},
  year={2018},
  organization={ACM}
}

@article{lamothe2018exploring,
  title={Exploring the Use of Automated API Migrating Techniques in Practice: An Experience Report on Android},
  author={Lamothe, Maxime and Shang, Weiyi},
  year={2018}
}

@inproceedings{linares2013api,
  title={API change and fault proneness: a threat to the success of Android apps},
  author={Linares-V{\'a}squez, Mario and Bavota, Gabriele and Bernal-C{\'a}rdenas, Carlos and Di Penta, Massimiliano and Oliveto, Rocco and Poshyvanyk, Denys},
  booktitle={Proceedings of the 2013 9th joint meeting on foundations of software engineering},
  pages={477--487},
  year={2013},
  organization={ACM}
}

@inproceedings{Fazzini:2017:ACI:3155562.3155604,
 author = {Fazzini, Mattia and Orso, Alessandro},
 title = {Automated Cross-platform Inconsistency Detection for Mobile Apps},
 booktitle = {Proceedings of the 32Nd IEEE/ACM International Conference on Automated Software Engineering},
 series = {ASE 2017},
 year = {2017},
 isbn = {978-1-5386-2684-9},
 location = {Urbana-Champaign, IL, USA},
 pages = {308--318},
 numpages = {11},
 url = {http://dl.acm.org/citation.cfm?id=3155562.3155604},
 acmid = {3155604},
 publisher = {IEEE Press},
 address = {Piscataway, NJ, USA},
}

@inproceedings{mahmoudi2018android,
  title={The Android update problem: an empirical study},
  author={Mahmoudi, Mehran and Nadi, Sarah},
  booktitle={Proceedings of the 15th International Conference on Mining Software Repositories},
  pages={220--230},
  year={2018},
  organization={ACM}
}

@inproceedings{mutchler2016target,
  title={Target fragmentation in Android apps},
  author={Mutchler, Patrick and Safaei, Yeganeh and Doup{\'e}, Adam and Mitchell, John},
  booktitle={2016 IEEE Security and Privacy Workshops (SPW)},
  pages={204--213},
  year={2016},
  organization={IEEE}
}

@inproceedings{aafer2016harvesting,
  title={Harvesting Inconsistent Security Configurations in Custom Android ROMs via Differential Analysis.},
  author={Aafer, Yousra and Zhang, Xiao and Du, Wenliang},
  booktitle={USENIX Security Symposium},
  pages={1153--1168},
  year={2016}
}

@article{vanderMerwe2012,
 author = {van der Merwe, Heila and van der Merwe, Brink and
Visser, Willem},
 title = {Verifying Android Applications Using {Java} PathFinder},
 journal = {SIGSOFT Software Engineering Notes},
 issue_date = {November 2012},
 volume = {37},
 number = {6},
 month = nov,
 year = {2012},
 pages = {1--5},
 publisher = {ACM},
 address = {New York, NY, USA},
}